@Book{xie2015,
  title = {Dynamic Documents with {R} and knitr},
  author = {Yihui Xie},
  publisher = {Chapman and Hall/CRC},
  address = {Boca Raton, Florida},
  year = {2015},
  edition = {2nd},
  note = {ISBN 978-1498716963},
  url = {http://yihui.name/knitr/},
}

@Book{talma2010,
author = {Talma, H. and Schonbeck, Y. and Bakker, B. and Hirasing, R.A. and van Buuren, S.},
title = {Groeidiagrammen 2010: Handleiding bij het meten en wegen van kinderen en het invullen van groeidiagrammen},
volume = {},
pages = {},
editor = {},
publisher = {TNO Kwaliteit van Leven},
address = {Leiden},
year = {2010},
abstract = {},
keywords = {}}

@Article{bocca2012,
author = {Bocca-Tjeertes, I.F.A. and van Buuren, S. and Bos, A.F. and Kerstens, J.M. and ten Vergert, E.M. and Reijneveld.S.A.},
title = {Growth of preterm and fullterm children aged 0-4 years: Integrating median growth and variability in growth charts},
journal = {Journal of Pediatrics},
volume = {161},
number = {3},
pages = {460--465},
year = {2012},
abstract = {},
location = {},
keywords = {}}


